@techreport{ISO9241-210,
abstract = {ISO 9241-210:2010 provides requirements and recommendations for human-centred design principles and activities throughout the life cycle of computer-based interactive systems. It is intended to be used by those managing design processes, and is concerned with ways in which both hardware and software components of interactive systems can enhance humanâ€“system interaction.},
type={Norm},
author = {ISO9241-210},
institution = {International Organization for Standardization},
mendeley-groups = {SQF62 - Usability Testing},
pages = {32},
title = {{Prozess zur Gestaltung gebrauchstauglicher interaktiver Systeme}},
year = {2010}
}
@book{Jacobsen2017,
abstract = {- Was jeder wissen sollte, der Websites und Apps entwickelt - Bew{\"{a}}hrte Methoden praxisnah erkl{\"{a}}rt},
address = {Bonn},
author = {Jacobsen, Jens and Meyer, Lorena},
isbn = {978-3-836-24423-7},
mendeley-groups = {SQF62 - Usability Testing},
publisher = {Rheinwerk Verlag GmbH},
title = {{Praxisbuch Usability und UX}},
year = {2017}
}
@book{Richter2016,
abstract = {RF16},
address = {Berlin, Heidelberg},
author = {Richter, Michael and Fl{\"{u}}ckiger, Markus D.},
doi = {10.1007/978-3-662-49828-6},
isbn = {978-3-662-49827-9},
mendeley-groups = {SQF62 - Usability Testing},
publisher = {Springer Berlin Heidelberg},
series = {IT kompakt},
title = {{Usability und UX kompakt}},
year = {2016}
}
@book{Krug2010,
abstract = {Literaturangaben},
author = {Krug, Steve},
isbn = {3827329744},
mendeley-groups = {SQF62 - Usability Testing},
publisher = {Addison-Wesley},
title = {{Web usability: rocket sugery made easy}},
year = {2010}
}
